@Book{bader1994atoms,
  author    = {Bader, Richard F. W.},
  publisher = {Clarendon Press},
  title     = {{A}toms in {M}olecules: {A} {Q}uantum {T}heory},
  year      = {1994},
  isbn      = {9780198558651},
  series    = {International Ser. of Monogr. on Chem},
  lccn      = {93046241},
}

@Article{BondedatomfragmentsHirshfeld1977,
  author  = {Hirshfeld, F. L.},
  journal = {Theor. Chim. Acta},
  title   = {Bonded-atom fragments for describing molecular charge densities},
  year    = {1977},
  issn    = {0040-5744},
  pages   = {129--138},
  volume  = {44},
  doi     = {10.1007/bf00549096},
}

@Article{CriticalanalysisextensionBAA2007,
  author  = {Bultinck, Patrick and Van Alsenoy, Christian and Ayers, Paul W. and Carb\'{o}-Dorca, Ram\'{o}n},
  journal = {J. Chem. Phys.},
  title   = {{C}ritical analysis and extension of the {H}irshfeld atoms in molecules},
  year    = {2007},
  issn    = {0021-9606},
  pages   = {144111},
  volume  = {126},
  doi     = {10.1063/1.2715563},
}

@Article{ExtensionHirshfeldMethodGKB2011,
  author  = {Geldof, D. and Krishtal, A. and Blockhuys, F. and Van Alsenoy, C.},
  journal = {J. Chem. Theory Comput.},
  title   = {{A}n {E}xtension of the {H}irshfeld {M}ethod to {O}pen {S}hell {S}ystems {U}sing {F}ractional {O}ccupations},
  year    = {2011},
  issn    = {1549-9618},
  pages   = {1328--1335},
  volume  = {7},
  doi     = {10.1021/ct100743h},
}

@Article{RevisitingcalculationcondensedOMM2007,
  author  = {Otero, Nicol\'{a}s and Mandado, Marcos and Mosquera, Ricardo A.},
  journal = {J. Chem. Phys.},
  title   = {{R}evisiting the calculation of condensed {F}ukui functions using the quantum theory of atoms in molecules},
  year    = {2007},
  issn    = {0021-9606},
  pages   = {234108},
  volume  = {126},
  doi     = {10.1063/1.2741263},
}

@Article{ChemicalreactivityframeworkOM2012,
  author  = {Otero, Nicol\'{a}s and Mandado, Marcos},
  journal = {J. Comput. Chem.},
  title   = {Chemical reactivity in the framework of pair density functional theories},
  year    = {2012},
  issn    = {0192-8651},
  pages   = {1240--1251},
  volume  = {33},
  doi     = {10.1002/jcc.22955},
}

@Article{QTAIMncenterdelocalizationMGM2007,
  author  = {Mandado, Marcos and Gonz\'{a}lez-Moa, Mar\'{i}a J. and Mosquera, Ricardo A.},
  journal = {J. Comput. Chem.},
  title   = {{QTAIM} n-center delocalization indices as descriptors of aromaticity in mono and poly heterocycles},
  year    = {2007},
  issn    = {0192-8651},
  pages   = {127--136},
  volume  = {28},
  doi     = {10.1002/jcc.20468},
}

@Article{LocalaromaticitystudyMOM2006,
  author  = {Mandado, Marcos and Otero, Nicol\'{a}s and Mosquera, Ricardo A.},
  journal = {Tetrahedron},
  title   = {Local aromaticity study of heterocycles using n-center delocalization indices: the role of aromaticity on the relative stability of position isomers},
  year    = {2006},
  issn    = {0040-4020},
  pages   = {12204--12210},
  volume  = {62},
  doi     = {10.1016/j.tet.2006.10.022},
}

@Comment{jabref-meta: databaseType:bibtex;}
